#bib file
@inproceedings{krizhevsky2012imagenet,
  title={Imagenet classification with deep convolutional neural networks},
  author={Krizhevsky, Alex and Sutskever, Ilya and Hinton, Geoffrey E},
  booktitle={Advances in neural information processing systems},
  pages={1097--1105},
  year={2012}
}

@inproceedings{glorot2010understanding,
  title={Understanding the difficulty of training deep feedforward neural networks},
  author={Glorot, Xavier and Bengio, Yoshua},
  booktitle={Proceedings of the thirteenth international conference on artificial intelligence and statistics},
  pages={249--256},
  year={2010}
}

@article{simonyan2014very,
  title={Very deep convolutional networks for large-scale image recognition},
  author={Simonyan, Karen and Zisserman, Andrew},
  journal={arXiv preprint arXiv:1409.1556},
  year={2014}
}

@inproceedings{he2016deep,
  title={Deep residual learning for image recognition},
  author={He, Kaiming and Zhang, Xiangyu and Ren, Shaoqing and Sun, Jian},
  booktitle={Proceedings of the IEEE conference on computer vision and pattern recognition},
  pages={770--778},
  year={2016}
}

@article{saxe2013exact,
  title={Exact solutions to the nonlinear dynamics of learning in deep linear neural networks},
  author={Saxe, Andrew M and McClelland, James L and Ganguli, Surya},
  journal={ICLR},
  year={2014}
}

@article{mishkin2015all,
  title={All you need is a good init},
  author={Mishkin, Dmytro and Matas, Jiri},
  journal={ICML},
  year={2016}
}

@article{srivastava2014dropout,
  title={Dropout: a simple way to prevent neural networks from overfitting},
  author={Srivastava, Nitish and Hinton, Geoffrey and Krizhevsky, Alex and Sutskever, Ilya and Salakhutdinov, Ruslan},
  journal={The Journal of Machine Learning Research},
  volume={15},
  number={1},
  pages={1929--1958},
  year={2014},
  publisher={JMLR. org}
}

@article{vapnik98,
  title={An overview of statistical learning theory},
  author={Vapnik, Vladimir Naumovich},
  journal={IEEE transactions on neural networks},
  volume={10},
  number={5},
  pages={988--999},
  year={1999},
  publisher={IEEE}
}


@article{ioffe2015batch,
  title={Batch normalization: Accelerating deep network training by reducing internal covariate shift},
  author={Ioffe, Sergey and Szegedy, Christian},
  journal={arXiv preprint arXiv:1502.03167},
  year={2015}
}

@inproceedings{pascanu2013difficulty,
  title={On the difficulty of training recurrent neural networks},
  author={Pascanu, Razvan and Mikolov, Tomas and Bengio, Yoshua},
  booktitle={International Conference on Machine Learning},
  pages={1310--1318},
  year={2013}
}

@article{li2017visualizing,
  title={Visualizing the loss landscape of neural nets},
  author={Li, Hao and Xu, Zheng and Taylor, Gavin and Goldstein, Tom},
  journal={arXiv preprint arXiv:1712.09913},
  year={2017}
}

@inproceedings{chapelle2001vicinal,
  title={Vicinal risk minimization},
  author={Chapelle, Olivier and Weston, Jason and Bottou, L{\'e}on and Vapnik, Vladimir},
  booktitle={Advances in neural information processing systems},
  pages={416--422},
  year={2001}
}